@article{adams1994seeded,
  author = {R. Adams and L. Bischof},
  title = {Seeded region growing},
  journal = {IEEE Trans. Pattern Anal. Machine Intell.},
  volume = {16},
  number = {6},
  year = {1994},
  pages = {641--647}
}

@article{antoniadis1998bone,
  author = {T. Antoniadis and J.P. Scarpelli and J.P. Ruaud and P. Gonord and G. Guillot},
  title = {Bone labeling on micro-magnetic resonance images},
  journal = {Med. Image Anal.},
  volume = {3},
  number = {2},
  year = {1998},
  pages = {119--128}
}

@inproceedings{beuf1999high,
  author = {Beuf, O. and Seurin, M.J. and Carrillon, Y. and Briguet, A},
  title = {High resolution NMR imaging of the trabecular bone structure at 2T},
  booktitle = {ESMRMB'99, 16th Annual Meeting},
  year = {1999},
  address = {Seville},
  pages = {201}
}

@article{chung1995threedimensional,
  author = {F.W. Chung and F.W. Wehrli and J.L. Williams and S.L. Wehrli},
  title = {Three-dimensional nuclear magnetic resonance microimaging of trabecular bone},
  journal = {J. Bone Mineral Res.},
  volume = {10},
  number = {10},
  year = {1995},
  pages = {1452--1461}
}

@article{haralick1985survey,
  author = {R.M. Haralick and L.G. Shapiro},
  title = {SURVEY: image segmentation techniques},
  journal = {Comput. Vision Graphics Image Process.},
  volume = {29},
  year = {1985},
  pages = {100--132}
}

@article{jourlin1989contrast,
  author = {M. Jourlin and J.C. Pinoli and R. Zeboudj},
  title = {Contrast definition and contour detection for logarithmic images},
  journal = {J. Microsc.},
  volume = {156},
  year = {1989},
  pages = {33--40}
}

@article{kapur1985new,
  author = {J.N. Kapur and P.K. Sahoo and A.K.C. Wong},
  title = {A new method for gray level picture thresholding using entropy of the histogram},
  journal = {Comput. Vision Graphics Image Process.},
  volume = {29},
  year = {1985},
  pages = {273--285}
}

@article{kohler1981segmentation,
  author = {R. Kohler},
  title = {A segmentation system based on thresholding},
  journal = {Comput. Vision Graphics and Image Process.},
  volume = {15},
  year = {1981},
  pages = {319--338}
}

@phdthesis{laboure1987feasibility,
  author = {Labour√©, M.J.},
  title = {Feasibility of a thresholding electronic board. Plane objects distortion by morphological transformations},
  school = {University of St Etienne},
  year = {1987},
  address = {France}
}

@article{majumdar1998high,
  author = {S. Majumdar and M. Kothari and P. Augat and D. Newitt and T. Link and J. Lin and T. Lang and Y. Lku and H. Genant},
  title = {High resolution magnetic resonance imaging: three-dimensional trabecular bone architecture and biomechanical properties},
  journal = {Bone},
  volume = {22},
  number = {5},
  year = {1998},
  pages = {445--454}
}

@article{otsu1979threshold,
  author = {N. Otsu},
  title = {A threshold selection method from gray level histograms},
  journal = {IEEE Trans. Systems Man Cybernet.},
  volume = {9},
  year = {1979},
  pages = {62--66}
}

@article{pun1981entropic,
  author = {T. Pun},
  title = {Entropic thresholding: a new approach},
  journal = {Comput. Vision Graphics Image Process.},
  volume = {16},
  year = {1981},
  pages = {210--239}
}

@article{revol1997new,
  author = {C. Revol and M. Jourlin},
  title = {A new minimum variance region growing algorithm for image segmentation},
  journal = {Pattern Recognition Lett.},
  volume = {18},
  year = {1997},
  pages = {249--258},
}

@inproceedings{revol2000bone,
  author = {Revol-Muller, C. and Benoit-Cattin, H. and Carillon, Y. and Odet, C. and Briguet, A. and Peyrin, F.},
  title = {Bone MRI segmentation assessment based on synchrotron radiation computed microtomography},
  booktitle = {Proc. of IEEE Nucl. Sci. Symp. Medical Imaging Conf. (NSS-MIC00)},
  year = {2000},
  address = {Lyon}
}

@article{salome1999synchrotron,
  author = {M. Salome-Pateyron and F. Peyrin and C. Odet and A.M. Laval-Jeantet and P. Cloetens and B. Baruchel and P. Spanne},
  title = {A synchrotron radiation microtomography system for the analysis of trabecular bone samples},
  journal = {Med. Phys.},
  volume = {26},
  number = {10},
  year = {1999},
  pages = {2194--2204}
}

@article{sekigushi1994interactive,
  author = {H. Sekigushi and K. Sano},
  title = {Interactive 3-dimensional segmentation method based on region growing method},
  journal = {Syst. Comput. Jpn.},
  volume = {25},
  number = {1},
  year = {1994},
  pages = {88--97}
}

@book{serra1982image,
  author = {J. Serra},
  title = {Image Analysis and Mathematical Morphology},
  year = {1982},
  publisher = {Academic Press},
  address = {New York}
}

@article{sivewright1994interactive,
  author = {G.J. Sivewright and P.J. Elliot},
  title = {Interactive region and volume growing for segmenting volumes en MR and CT images},
  journal = {Med. Inform.},
  volume = {19},
  number = {1},
  year = {1994},
  pages = {71--80}
}

@article{zucker1976region,
  author = {S.W. Zucker},
  title = {Region growing: childhood and adolescence},
  journal = {Comput. Graphics Image Process.},
  volume = {5},
  year = {1976},
  pages = {382--399}
}
